@article{Smyrnaios2017,
  author  = {Smyrnaios, N.},
  journal = {INA Editions},
  title   = {Les GAFAM contre l’Internet. Une économie politique du numérique},
  year    = {2017},
}



@book{Foer2018,
  author  = {Franklin Foer},
  publisher = {Penguin Group},
  title   = {World Without Mind},
  year    = {2018},
}

@book{Zuboff2020,
  author  = {Shoshana Zuboff},
  publisher = {Zulma},
  title   = {The Age of Surveillance Capitalism},
  year    = {2020},
}

@book{Webb2019,
  author  = {Amy Webb},
  publisher = {PublicAffairs},
  title   = {The Big Nine: How the Tech Titans and Their Thinking Machines Could Warp Humanity},
  year    = {2019},
}

@article{Smyrnaios2021,
  author  = {Nikos Smyrnaios},
  journal = {HAL Open Science},
  title   = {De la pandémie à l’invasion du Capitole : les enjeux politiques de l’emprise des GAFAM sur l’espace public numérique},
  year    = {2021},
}

@article{SushchevaNatalia2018,
  author  = {Sushcheva, Natalia and Fontanel, Jacques},
  journal = {HAL Open Science},
  title   = {Les GAFAM},
  year    = {2018},
}




@misc{Tirole2014,
  author = {Jean Tirole},
  title  = {Lauréat du prix Nobel d'économie},
  year   = {2014},
}
